% -----------------------------------------------------------------------------
% books
% -----------------------------------------------------------------------------

@book
{
	Merzbacher1998,
	author = {Merzbacher, E.},
	title = {{Quantum Mechanics, Third Edition}},
	year = {1998},
	publisher = {John Wiley},
	isbn = {0-471-88702-1},
}


@book
{
	Shirane2002,
	author = {Shirane, G. and Shapiro, S. M. and Tranquada, J. M.},
	title = {{Neutron Scattering with a Triple-Axis Spectrometer: Basic Techniques}},
	year = {2002},
	publisher = {Cambridge University Press},
	isbn = {978-0521411264},
}


@book
{
	Squires2012,
	author = {Squires, G. L.},
	title = {{Introduction to the Theory of Thermal Neutron Scattering}},
	year = {2012},
	publisher = {Cambridge University Press},
	isbn = {978-1-107-64406-9},
}


@book
{
	Arens2015,
	author = {Arens, T. and Hettlich, F. and Karpfinger, C. and Kockelkorn, U. and Lichtenegger, K. and Stachel, H.},
	title = {{Mathematik, 3. Auflage}},
	year = {2015},
	publisher = {Springer-Verlag GmbH Berlin Heidelberg, Germany},
	isbn = {978-3-642-44919-2},
	doi = {10.1007/978-3-642-44919-2}
}


@book
{
	Arfken2013,
	author = {Arfken, G. B. and Weber, H. J. and Harris, F. E.},
	title = {{Mathematical Methods for Physicists, A Comprehensive Guide, Seventh Edition}},
	year = {2013},
	publisher = {Academic Press / Elsevier, USA, UK},
	isbn = {978-0-12-384654-9},
	doi = {10.1016/C2009-0-30629-7}
}


@book
{
	Gross2012,
	author = {Gross, R. and Marx, A.},
	title = {{Festk\"orperphysik}},
	year = {2012},
	publisher = {Oldenbourg Wissenschaftsverlag GmbH, Rosenheimer Str. 145, 81671 Munich, Germany},
	isbn = {978-3-486-71294-0},
	doi = {}
}


@book
{
	Jacrot2021,
	author = {Jacrot, B.},
	editor = {Filhol, A.},
	title = {{Neutrons for Science: The history of the Institut Laue-Langevin, an exceptionally successful international cooperation}},
	year = {2021},
	publisher = {EDP Sciences, France},
	isbn = {978-2-7598-2187-7},
}


@book
{
	Stacey2007,
	author = {Stacey, W. M.},
	title = {{Nuclear Reactor Physics, Second Edition}},
	year = {2007},
	publisher = {Wiley-VCH Verlag GmbH \& Co. KGaA, Weinheim, Germany},
	isbn = {978-3-527-40679-1},
}


@book
{
	Berg2008,
	author = {Mark de Berg and Otfried Cheong and Marc van Kreveld and Mark Overmars},
	title = {{Computational Geometry, Algorithms and Applications, Third Edition}},
	year = {2008},
	publisher = {Springer-Verlag Berlin Heidelberg, Germany},
	isbn = {978-3-540-77973-5},
	doi = {10.1007/978-3-540-77974-2},
}


@book
{
	Kernighan2006,
	title={{The C Programming Language, Second Edition}},
	author={Kernighan, Brian W and Ritchie, Dennis M},
	year={1988},
	publisher={Pearson},
	isbn={978-0131103627},
}


@book
{
	Stroustrup2008,
	title={{The C++ Programming Language, Fourth Edition}},
	author={Bjarne Stroustrup},
	year={2013},
	publisher={Addision-Wesley Professional},
	isbn={978-0321958327},
}


@book
{
	Stroustrup2018,
	title={{A Tour of C++, Second Edition}},
	author={Bjarne Stroustrup},
	year={2018},
	publisher={Addision-Wesley Professional},
	isbn={978-0134997834},
}


@book
{
	ISOCPP20,
	title = {{International Standard ISO/IEC 14882 Sixth Edition 2020-12, Programming Languages -- C++}},
	author = {{International Organization for Standardization (ISO)}},
	year = {2020},
	publisher = {ISO, Geneva, Switzerland},
	url = {https://www.iso.org/standard/79358.html},
}


@book
{
	FUH_geo2020,
        author = {Rolf Klein and Christian Icking},
        title = {{Manuscript of the course 01840, ``Algorithmische Geometrie''}},
        year = {summer semester 2020},
        publisher = {{FernUniversit\"at in Hagen, Fakult\"at f\"ur Mathematik und Informatik, Hagen, Germany}},
        url = {https://vu.fernuni-hagen.de/lvuweb/lvu/app/Kurs/1840}
}
% -----------------------------------------------------------------------------



% -----------------------------------------------------------------------------
% articles
% -----------------------------------------------------------------------------

@article
{
	Lumsden2005,
	author = "Lumsden, M. D. and Robertson, J. L. and Yethiraj, M.",
	title = {{UB matrix implementation for inelastic neutron scattering experiments}},
	journal = "Journal of Applied Crystallography",
	volume = "38",
	number = "3",
	pages = "405--411",
	year = "2005",
	doi = {10.1107/S0021889805004875},
}


@article
{
	Takin2021,
	title = {{Update 2.0 to ``Takin: An open-source software for experiment planning, visualisation, and data analysis'', (PII: S2352711016300152)}},
	journal = {SoftwareX},
	volume = {14},
	pages = {100667},
	year = {2021},
	issn = {2352-7110},
	doi = {10.1016/j.softx.2021.100667},
	url = "https://www.sciencedirect.com/science/article/pii/S2352711021000121",
	author = {Tobias Weber},
}


@article
{
	Takin2017,
	title = {{Update 1.5 to ``Takin: An open-source software for experiment planning, visualisation, and data analysis'', (PII: S2352711016300152)}},
	journal = "SoftwareX",
	volume = "6",
	pages = "148 -- 149",
	year = "2017",
	issn = "2352-7110",
	doi = "10.1016/j.softx.2017.06.002",
	url = "http://www.sciencedirect.com/science/article/pii/S2352711017300183",
	author = {T. Weber},
}

@article
{
	Takin2016,
	title = {{Takin: An open-source software for experiment planning, visualisation, and data analysis}},
	journal = "SoftwareX ",
	volume = "5",
	pages = "121 -- 126",
	year = "2016",
	issn = "2352-7110",
	doi = "10.1016/j.softx.2016.06.002",
	url = "http://www.sciencedirect.com/science/article/pii/S2352711016300152",
	author = {T. Weber and R. Georgii and P. B\"oni},
}


@article
{
	thales,
	author = {M. B\"ohm and P. Steffens and J. Kulda and M. Klicpera and S. Roux and P. Courtois and P. Svoboda and J. Saroun and V. Sechovsky},
	title = {{ThALES -- Three Axis Low Energy Spectroscopy for highly correlated electron systems}},
	journal = {Neutron News},
	volume = {26},
	number = {3},
	pages = {18-21},
	year  = {2015},
	publisher = {Taylor & Francis},
	doi = {10.1080/10448632.2015.1057050},
	url = {https://doi.org/10.1080/10448632.2015.1057050}
}


@article
{
	Song2020,
	title = {{Deep Learning Methods On Neutron Scattering Data}},
	journal = "EPJ Web Conf.",
	volume = "225",
	pages = "01004",
	year = "2020",
	doi = "10.1051/epjconf/202022501004",
	url = "http://doi.org/10.1051/epjconf/202022501004",
	author = {Guanghan Song and Lionel Porcar and Martin B\"ohm and Franck Cecillon and Charles Dewhurst and Yannick Le Goc and J\'erome Locatelli and Paolo Mutti and Tobias Weber},
}


@article
{
	skxpaper,
	author = {T. Weber and D. M. Fobes and J. Waizner and P. Steffens and G. S. Tucker and M. B\"ohm and L. Beddrich and C. Franz and H. Gabold and R. Bewley and D. Voneshen and M. Skoulatos and R. Georgii and G. Ehlers and A. Bauer and C. Pfleiderer and P. B\"oni and M. Janoschek and M. Garst},
	title = {{Emergent Landau levels of magnons in a skyrmion lattice}},
	note = {in preparation}
}


@article
{
	Held2001,
	author = {Martin Held},
	title = {{VRONI: An engineering approach to the reliable and efficient computation of Voronoi diagrams of points and line segments}},
	journal = {Computational Geometry},
	volume = {18},
	number = {2},
	pages = {95-123},
	year = {2001},
	issn = {0925-7721},
	doi = {https://doi.org/10.1016/S0925-7721(01)00003-7},
	url = {https://www.sciencedirect.com/science/article/pii/S0925772101000037},
}


@article
{
	Simonson2009,
	author = {{Simonson, Lucanus and Suto, Gyuszi}},
	title = {{Geometry Template Library for STL-like 2D Operations}},
	journal = {{Boostcon 2009, Aspen, Colorado, USA}},
	volume = {4},
	year = {2009},
	url = {https://www.boost.org/doc/libs/1_75_0/libs/polygon/doc/GTL_boostcon2009.pdf},
}


% note: boost.polygon's voronoi implementation is based on this article
@article
{
	Fortune1987,
	author = {Fortune, Steven},
	title = {{A Sweepline Algorithm for Voronoi Diagrams}},
	journal = {Algorithmica},
	volume = {2},
	number = {1},
	pages = {153-174},
	year = {1987},
	publisher = {Springer},
	doi = {https://doi.org/10.1007/BF01840357},
}

% -----------------------------------------------------------------------------



% -----------------------------------------------------------------------------
% websites
% -----------------------------------------------------------------------------

@misc
{
	wiki_fractional,
	author = {{Wikipedia contributors}},
	title = {{Fractional coordinates --- {Wikipedia}{,} The Free Encyclopedia}},
	year = "2020",
	url = "\url{https://en.wikipedia.org/w/index.php?title=Fractional_coordinates&oldid=961675499}",
	howpublished = "\url{https://en.wikipedia.org/w/index.php?title=Fractional_coordinates&oldid=961675499}",
	note = "[Online; accessed 1-February-2021]"
}


@misc
{
	wiki_fission,
	author = {{Wikipedia contributors}},
	title = {{Discovery of nuclear fission --- {Wikipedia}{,} The Free Encyclopedia}},
	year = "2021",
	url = "\url{https://en.wikipedia.org/w/index.php?title=Discovery_of_nuclear_fission&oldid=999630578}",
	howpublished = "\url{https://en.wikipedia.org/w/index.php?title=Discovery_of_nuclear_fission&oldid=999630578}",
	note = "[Online; accessed 10-February-2021]"
}


@misc
{
	wiki_oklo,
	author = {{Wikipedia contributors}},
	title = {{Naturreaktor Oklo --- Wikipedia{,} Die freie Enzyklop\"adie}},
	year = "2020",
	url = "\url{https://de.wikipedia.org/w/index.php?title=Naturreaktor_Oklo&oldid=203811915}",
	howpublished = "\url{https://de.wikipedia.org/w/index.php?title=Naturreaktor_Oklo&oldid=203811915}",
	note = "[Online; accessed 10-February-2021]"
}


@misc
{
	wiki_summation,
	author = {{Wikipedia contributors}},
	title = {{Einstein notation --- {Wikipedia}{,} The Free Encyclopedia}},
	year = "2021",
	url = "\url{https://en.wikipedia.org/w/index.php?title=Einstein_notation&oldid=1015796551}",
	howpublished = "\url{https://en.wikipedia.org/w/index.php?title=Einstein_notation&oldid=1015796551}",
	note = "[Online; accessed 14-April-2021]"
}


@misc
{
	wiki_line_line_intersection,
	author = {{Wikipedia contributors}},
	title = {{Lineâline intersection --- {Wikipedia}{,} The Free Encyclopedia}},
	year = "2021",
	url = "\url{https://en.wikipedia.org/w/index.php?title=Line%E2%80%93line_intersection&oldid=1021815213}",
	howpublished = "\url{https://en.wikipedia.org/w/index.php?title=Line%E2%80%93line_intersection&oldid=1021815213}",
	note = "[Online; accessed 4-July-2021]"
}


@misc
{
	wiki_line_sphere_intersection,
	author = {{Wikipedia contributors}},
	title = {{Lineâsphere intersection --- {Wikipedia}{,} The Free Encyclopedia}},
	year = "2021",
	url = "\url{https://en.wikipedia.org/w/index.php?title=Line%E2%80%93sphere_intersection&oldid=1021628678}",
	howpublished = "\url{https://en.wikipedia.org/w/index.php?title=Line%E2%80%93sphere_intersection&oldid=1021628678}",
	note = "[Online; accessed 4-July-2021]"
}


@misc
{
	web_aabb,
	author = {{Mozilla Developer Network Web Docs}},
	title = {{3D collision detection}},
	year = "2021",
	url = "\url{https://developer.mozilla.org/en-US/docs/Games/Techniques/3D_collision_detection}",
	howpublished = "\url{https://developer.mozilla.org/en-US/docs/Games/Techniques/3D_collision_detection}",
	note = "[Online; accessed 4-July-2021]"
}


@misc
{
	web_radial_sweep,
	author = {Abeer George Ghuneim},
	title = {{Radial Sweep}},
	year = "2000",
	url = "\url{http://www.imageprocessingplace.com/downloads_V3/root_downloads/tutorials/contour_tracing_Abeer_George_Ghuneim/ray.html}",
	howpublished = "\url{http://www.imageprocessingplace.com/downloads_V3/root_downloads/tutorials/contour_tracing_Abeer_George_Ghuneim/ray.html}",
	note = "[Online; accessed 4-July-2021]"
}


@misc
{
	web_nobel1994,
	author = {{The Royal Swedish Academy of Science}},
	title = {{The Nobel Prize in Physics 1994 -- Press Release}},
	year = "1994",
	url = "\url{https://www.nobelprize.org/prizes/physics/1994/press-release/}",
	howpublished = "\url{https://www.nobelprize.org/prizes/physics/1994/press-release/}",
	note = "[Online; accessed 13-April-2021]"
}


@misc
{
	web_mlz,
	title = {{Heinz-Maier-Leibnitz-Zentrum (MLZ), Garching, Germany}},
	url = "\url{https://mlz-garching.de}",
	howpublished = "\url{https://mlz-garching.de}",
	note = "[Online; accessed 13-April-2021]",
}


@misc
{
	web_nist,
	title = {{NIST Center for Neutron Research (NCNR), Gaithersburg, Maryland, USA}},
	url = "\url{https://www.nist.gov/ncnr}",
	howpublished = "\url{https://www.nist.gov/ncnr}",
	note = "[Online; accessed 13-April-2021]",
}


@misc
{
	web_oakridge,
	title = {{High-Flux Isotope Reactor (HFIR) at the Oak Ridge National Laboratory (ORNL), Oak Ridge, Tennessee, USA}},
	url = "\url{https://neutrons.ornl.gov/hfir}",
	howpublished = "\url{https://neutrons.ornl.gov/hfir}",
	note = "[Online; accessed 13-April-2021]",
}


@misc
{
	web_ill,
	title = {{Institut Laue-Langevin (ILL), Grenoble, France}},
	url = "\url{https://www.ill.eu}",
	howpublished = "\url{https://www.ill.eu}",
	note = "[Online; accessed 13-April-2021]",
}


@misc
{
	web_ill_visa,
	author = {{Institut Laue-Langevin}},
	title = {{ILL VISA system for remote data analysis}},
	url = "\url{https://visa.ill.eu}",
	howpublished = "\url{https://visa.ill.eu}",
	note = "[Online; accessed 13-April-2021]",
}


@misc
{
	web_ill_autonomous2020,
	author = {{Institut Laue-Langevin}},
	year = {2020},
	title = {{Machine Learning at ILL: First autonomous steps of the neutron spectrometer ThALES}},
	url = "\url{https://www.ill.eu/news-press-events/news/scientific-news/machine-learning-at-ill-first-autonomous-steps-of-the-neutron-spectrometer-thales}",
	howpublished = "\url{https://www.ill.eu/news-press-events/news/scientific-news/machine-learning-at-ill-first-autonomous-steps-of-the-neutron-spectrometer-thales}",
	note = "[Online; accessed 13-April-2021]",
}


@misc
{
	web_boost,
	title = {{Boost C++ Libraries (Software)}},
	author = {{Various Authors}},
	year = {2004-2021},
	url = "\url{https://www.boost.org/}",
	howpublished = "\url{https://www.boost.org/}",
	note = "[Online; accessed 3-July-2021]",
}


@misc
{
	web_boost_polygon,
	title = {{Boost.Polygon, part of the Boost C++ Libraries \cite{web_boost} (Software)}},
	author = {{Intel Corporation}},
	year = {2008-2010},
	url = "\url{https://www.boost.org/doc/libs/1_76_0/libs/polygon/doc/index.htm}",
	howpublished = "\url{https://www.boost.org/doc/libs/1_76_0/libs/polygon/doc/index.htm}",
	note = "[Online; accessed 5-July-2021]",
}


@misc
{
	web_boost_intrusive,
	title = {{Boost.Intrusive, part of the Boost C++ Libraries \cite{web_boost} (Software)}},
	author = {Olaf Krzikalla and Ion Gaztanaga},
	year = {2005-2015},
	url = "\url{https://www.boost.org/doc/libs/1_76_0/doc/html/intrusive.html}",
	howpublished = "\url{https://www.boost.org/doc/libs/1_76_0/doc/html/intrusive.html}",
	note = "[Online; accessed 5-July-2021]",
}


@misc
{
	web_boost_signals,
	title = {{Boost.Signals2, part of the Boost C++ Libraries \cite{web_boost} (Software)}},
	author = {Douglas Gregor and Frank Mori Hess},
	year = {2001-2009},
	url = "\url{https://www.boost.org/doc/libs/1_76_0/doc/html/signals2.html}",
	howpublished = "\url{https://www.boost.org/doc/libs/1_76_0/doc/html/signals2.html}",
	note = "[Online; accessed 3-July-2021]",
}


@misc
{
	web_boost_asio,
	title = {{Boost.Asio, part of the Boost C++ Libraries \cite{web_boost} (Software)}},
	author = {Christopher M. Kohlhoff},
	year = {2003-2021},
	url = "\url{https://www.boost.org/doc/libs/1_76_0/doc/html/boost_asio.html}",
	howpublished = "\url{https://www.boost.org/doc/libs/1_76_0/doc/html/boost_asio.html}",
	note = "[Online; accessed 3-July-2021]",
}


@misc
{
	web_boost_asio_threadpool,
	title = {{Class thread\_pool, part of the Boost.Asio C++ library \cite{web_boost_asio} (Software)}},
	author = {Christopher M. Kohlhoff},
	year = {2003-2021},
	url = "\url{https://www.boost.org/doc/libs/1_76_0/doc/html/boost_asio/reference/thread_pool.html}",
	howpublished = "\url{https://www.boost.org/doc/libs/1_76_0/doc/html/boost_asio/reference/thread_pool.html}",
	note = "[Online; accessed 3-July-2021]",
}


@misc
{
	web_boost_intrusive_avltree,
	title = {{Class avltree, part of the Boost.Intrusive C++ library \cite{web_boost_intrusive} (Software)}},
	author = {Olaf Krzikalla and Ion Gaztanaga},
	year = {2005-2015},
	url = "\url{https://www.boost.org/doc/libs/1_76_0/doc/html/intrusive/avl_set_multiset.html}",
	howpublished = "\url{https://www.boost.org/doc/libs/1_76_0/doc/html/intrusive/avl_set_multiset.html}",
	note = "[Online; accessed 5-July-2021]",
}


@misc
{
	web_boost_polygon_voronoi,
	title = {{Voronoi extensions, part of the Boost.Polygon C++ library \cite{web_boost_polygon} (Software)}},
	author = {Andrii Sydorchuk},
	year = {2010-2013},
	url = "\url{https://www.boost.org/doc/libs/1_76_0/libs/polygon/doc/voronoi_main.htm}",
	howpublished = "\url{https://www.boost.org/doc/libs/1_76_0/libs/polygon/doc/voronoi_main.htm}",
	note = "[Online; accessed 5-July-2021]",
}

% -----------------------------------------------------------------------------



% -----------------------------------------------------------------------------
% theses
% -----------------------------------------------------------------------------

@phdthesis
{
	PhDWeber,
	author = "Weber, Tobias",
	title = {{Dynamics at the Orbital Ordering Phase Transition in $MgV_2O_4$ and at the Ferromagnetic Phase Transition in $MnSi$}},
	type = "Dissertation",
	school = {Technische UniversitÃ¤t M\"unchen, Physikdepartment E21},
	address = {Munich, Germany},
	year = 2017,
	isbn = {978-3-8439-3114-4},
	url = "\url{http://nbn-resolving.de/urn/resolver.pl?urn:nbn:de:bvb:91-diss-20170320-1339645-0-4}",
	howpublished = "\url{http://nbn-resolving.de/urn/resolver.pl?urn:nbn:de:bvb:91-diss-20170320-1339645-0-4}",
}


@thesis
{
	DiplomaWeber,
	author = "Weber, Tobias",
	title = {{MIEZE in Theory, Simulation and Experiment}},
	type = "Diploma Thesis",
	school = {Technische UniversitÃ¤t M\"unchen, Physikdepartment E21},
	address = {Munich, Germany},
	year = 2012,
}
% -----------------------------------------------------------------------------
