@book
{
	Merzbacher1998,
	author = {Merzbacher, E.},
	title = {{Quantum Mechanics, Third Edition}},
	year = {1998},
	publisher = {John Wiley},
	isbn = {0-471-88702-1},
}

@book
{
	Shirane2002,
	author = {Shirane, G. and Shapiro, S. M. and Tranquada, J. M.},
	title = {{Neutron Scattering with a Triple-Axis Spectrometer: Basic Techniques}},
	year = {2002},
	publisher = {Cambridge University Press},
	isbn = {978-0521411264},
}

@book
{
	Squires2012,
	author = {Squires, G. L.},
	title = {{Introduction to the Theory of Thermal Neutron Scattering}},
	year = {2012},
	publisher = {Cambridge University Press},
	isbn = {978-1-107-64406-9},
}


@book
{
	Arens2015,
	author = {Arens, T. and Hettlich, F. and Karpfinger, C. and Kockelkorn, U. and Lichtenegger, K. and Stachel, H.},
	title = {{Mathematik, 3. Auflage}},
	year = {2015},
	publisher = {Springer-Verlag GmbH Berlin Heidelberg, Germany},
	isbn = {978-3-642-44919-2},
	doi = {10.1007/978-3-642-44919-2}
}


@book
{
	Arfken2013,
	author = {Arfken, G. B. and Weber, H. J. and Harris, F. E.},
	title = {{Mathematical Methods for Physicists, A Comprehensive Guide, Seventh Edition}},
	year = {2013},
	publisher = {Academic Press / Elsevier, USA, UK},
	isbn = {978-0-12-384654-9},
	doi = {10.1016/C2009-0-30629-7}
}


@article
{
	Lumsden2005,
	author = "Lumsden, M. D. and Robertson, J. L. and Yethiraj, M.",
	title = {{UB matrix implementation for inelastic neutron scattering experiments}},
	journal = "Journal of Applied Crystallography",
	volume = "38",
	number = "3",
	pages = "405--411",
	year = "2005",
	doi = {10.1107/S0021889805004875},
}


@article
{
	Takin2017,
	title = {{Update 1.5 to ``Takin: An open-source software for experiment planning, visualisation, and data analysis, (PII: S2352711016300152)''}},
	journal = "SoftwareX",
	volume = "6",
	pages = "148 -- 149",
	year = "2017",
	issn = "2352-7110",
	doi = "10.1016/j.softx.2017.06.002",
	url = "http://www.sciencedirect.com/science/article/pii/S2352711017300183",
	author = {T. Weber},
}

@article
{
	Takin2016,
	title = {{Takin: An open-source software for experiment planning, visualisation, and data analysis}},
	journal = "SoftwareX ",
	volume = "5",
	pages = "121 -- 126",
	year = "2016",
	issn = "2352-7110",
	doi = "10.1016/j.softx.2016.06.002",
	url = "http://www.sciencedirect.com/science/article/pii/S2352711016300152",
	author = {T. Weber and R. Georgii and P. B\"oni},
}


@article
{
	thales,
	author = {M. B\"ohm and P. Steffens and J. Kulda and M. Klicpera and S. Roux and P. Courtois and P. Svoboda and J. Saroun and V. Sechovsky},
	title = {{ThALES -- Three Axis Low Energy Spectroscopy for highly correlated electron systems}},
	journal = {Neutron News},
	volume = {26},
	number = {3},
	pages = {18-21},
	year  = {2015},
	publisher = {Taylor & Francis},
	doi = {10.1080/10448632.2015.1057050},
	url = {https://doi.org/10.1080/10448632.2015.1057050}
}


@misc
{
	wiki_fractional,
	author = "{Wikipedia contributors}",
	title = "Fractional coordinates -- {Wikipedia}{,} The Free Encyclopedia",
	year = "2020",
	howpublished = "\url{https://en.wikipedia.org/w/index.php?title=Fractional_coordinates&oldid=961675499}",
	note = "[Online; accessed 1-February-2021]"
}
